@misc{seaaroundus, title={Fisheries, Ecosystems and Biodiversity}, url={http://www.seaaroundus.org/},howpublished = {\url{http://www.seaaroundus.org/}}}

@misc{fao, title={Food and Agriculture Organization of United Nations}, url={http://www.fao.org/}, howpublished = {\url{http://www.fao.org/}}}

@article{suri2008optimal,
  title={Optimal harvesting strategies for fisheries: a differential equations approach: a thesis presented in partial fulfillment of the requirement for the degree of Doctor of Philosophy in Mathematics at Massey University, Albany, New Zealand},
  author={Suri, Ratneesh},
  year={2008},
  publisher={Massey University}
}

@article{laham2012fish,
  title={Fish harvesting management strategies using logistic growth model},
  author={Laham, MOHAMED FARIS and Krishnarajah, ISHTRINAYAGY S and Shariff, Jamilah Mohd},
  journal={Sains Malaysiana},
  volume={41},
  number={2},
  pages={171--177},
  year={2012}
}

@article{rose2015numerical,
  title={Numerical Methods for Solving Optimal Control Problems},
  author={Rose, Garrett Robert},
  year={2015}
}

@article{bjorndal1988optimal,
  title={Optimal harvesting of farmed fish},
  author={Bj{\o}rndal, Trond},
  journal={Marine Resource Economics},
  volume={5},
  number={2},
  pages={139--159},
  year={1988},
  publisher={Taylor \& Francis}
}

@misc{wentworth2011optimum,
  title={Optimum Harvesting Models for Fishery Populations},
  author={WENTWORTH, CORINNE and FUJIWARA, DR MASAMI and WALTON, DRJAY},
  year={2011}
}

@article{skonhoft2012optimal,
  title={Optimal harvest in an age structured model with different fishing selectivity},
  author={Skonhoft, Anders and Vestergaard, Niels and Quaas, Martin},
  journal={Environmental and Resource Economics},
  volume={51},
  number={4},
  pages={525--544},
  year={2012},
  publisher={Springer}
}

@book{meske2014fish,
  title={Fish Aquaculture: Technology and Experiments},
  author={Meske, C.P.B. and Vogt, F.},
  isbn={9781483299198},
  url={https://books.google.es/books?id=cNfSBQAAQBAJ},
  year={2014},
  publisher={Elsevier Science}
}

@article{ito2016functional,
  title={Functional analysis and optimization},
  author={Ito, Kazufumi},
  journal={Lecture Monograph},
  year={2016}
}

@article{alfredfish,
  title={Fish Harvesting Models And Their Applications in a reservoir in Saranda, Albania},
  author={Alfred, DACI}
}

@article{borrelli1998differential,
  title={Differential equations: a modeling perspective.},
  author={Borrelli, Robert L and Coleman, Courtney S},
  year={1998},
  publisher={John Wiley and Sons}
}
@book{tanzer2015living,
  title={Living Blue Planet Report: Species, Habitats and Human Well-being},
  author={Tanzer, John and Phua, Carol and Jeffries, Barney and Lawrence, Anissa and Gonzales, Aimee and Gamblin, Paul and Roxburgh, Tony},
  year={2015},
  publisher={WWF International}
}

@incollection{ambrosio2000introduction,
  title={Introduction to Part II},
  author={Ambrosio, Luigi and Dancer, Norman and Buttazzo, Giuseppe and Marino, Antonio and Murthy, MKV},
  booktitle={Calculus of Variations and Partial Differential Equations},
  pages={183--184},
  year={2000},
  publisher={Springer}
}

@book{FlemingRaymond,
	title={Deterministic and Stochastic	Optimal Control},
	author={Wendell Fleming and Raymond Rishel},
	booktitle={ Deterministic and Stochastic Optimal Control},
	pages={111-117},
	year={1975},
	publisher={Springer}
	}
@book{PDEOpti,
	title={Optimization with PDE Constraints},
	author={M. Hinze, R. Pinnau, M. Ulbrich, S. Ulbrich},
	booktitle={Optimization with PDE Constraints},
	pages={1-161},
	year={2009},
	publisher={Springer}
	}
